%% This BibTeX bibliography file was created using BibDesk.
%% http://bibdesk.sourceforge.net/

@misc{hsz_reglement,
    Annote = {https://ebs.hsz-t.ch/files/ebs_files/Reglemente/Kreditsystem/Diplomarbeit/Bestimmungen_fuer_DA_V2.pdf},
    Author = {Jean-Gabriel Gander, ehemaliger Studienleiter Informatik},
    Howpublished = {\url{https://ebs.hsz-t.ch/files/ebs_files/Reglemente/Kreditsystem/Diplomarbeit/Bestimmungen_fuer_DA_V2.pdf}},
    Month = {Mai},
    Title = {Bestimmungen für die Diplomarbeit},
    Year = {2006}}

@misc{hsz_bewertungskriterien,
    Annote = {https://ebs.hsz-t.ch/files/ebs_files/Reglemente/Kreditsystem/Diplomarbeit/Bewertungskriterien-Bachelorarbeit_Studiengang-Informatik-der-HSZ-T_V1.0.xls},
    Author = {Dr. Olaf Stern, Studienleiter Informatik},
    Howpublished = {\url{https://ebs.hsz-t.ch/files/ebs_files/Reglemente/Kreditsystem/Diplomarbeit/Bewertungskriterien-Bachelorarbeit_Studiengang-Informatik-der-HSZ-T_V1.0.xls}},
    Month = {Mai},
    Title = {Bewertungskriterien Diplomarbeit},
    Year = {2009}}

@misc{hsz_ablauf,
    Annote = {https://ebs.hsz-t.ch/files/ebs_files/Reglemente/Kreditsystem/Diplomarbeit/Ablauf-Bachelorarbeit_Studiengang-Informatik-der-HSZ-T_V1.3.pdf},
    Author = {Dr. Olaf Stern, Studienleiter Informatik},
    Howpublished = {\url{https://ebs.hsz-t.ch/files/ebs_files/Reglemente/Kreditsystem/Diplomarbeit/Ablauf-Bachelorarbeit_Studiengang-Informatik-der-HSZ-T_V1.3.pdf}},
    Month = {Juni},
    Title = {Ablauf Diplomarbeit},
    Year = {2009}}

@misc{Nutzwertanalyse,
    author = {Wikipedia},
    title = {Nutzwertanalyse},
    howpublished = "\url{http://de.wikipedia.org/wiki/Nutzwertanalyse}",
    year = {2011},
    month = {März},
    note = "[Online; 31. März 2011]"}  
  
@misc{AnalyticHierarchyProcess,
    author = {Wikipedia},
    title = {Analytic Hierarchy Process},
    howpublished = "\url{http://de.wikipedia.org/wiki/Analytic_Hierarchy_Process}",
    year = {2011},
    month = {Januar},
    note = "[Online; 31. März 2011]"}
  
@misc{wikipedia_mindmap,
    author = {Wikipedia},
    title = {Mind-Map},
    url = {http://de.wikipedia.org/wiki/Mind-Map},
    howpublished = "\url{http://de.wikipedia.org/wiki/Mind-Map}",
    language = {german},
    month = {Dezember},
    year = {2010}}
    
@misc{wikipedia_grochla,
    author = {Wikipedia},
    title = {Erwin Grochla},
    url = {http://de.wikipedia.org/wiki/Erwin_Grochla},
    language = {german},
    month = {Mai},
    year = {2010}}
    
@book{grochla1982grundlagen,
  title={{Grundlagen der organisatorischen Gestaltung}},
  author={Grochla, E.},
  isbn={9783791091181},
  series={Sammlung Poeschel},
  url={http://books.google.de/books?id=SRCaAAAACAAJ},
  year={1982},
  publisher={Poeschel}
}

@book{lewinfrontiers,
  title={{Frontiers in group dynamics: concept, method and reality in social science : social equilibria and social change}},
  author={Lewin, K.},
  url={http://books.google.de/books?id=nrEmRAAACAAJ},
  publisher={Bobbs-Merrill, College Division}
}

@book{kotter2006pinguin,
  title={{Das Pinguin-Prinzip: Wie Veränderung zum Erfolg führt}},
  author={Kotter, J. and Rathgeber, H. and Stadler, H.},
  isbn={9783426274125},
  url={http://books.google.de/books?id=ec1mPAAACAAJ},
  year={2006},
  publisher={Droemer Knaur}
}

